@inproceedings{Deng2009ImageNetAL,
  title={ImageNet: A large-scale hierarchical image database},
  author={Jia Deng and Wei Dong and Richard Socher and Li-Jia Li and Kai Li and Li Fei-Fei},
  booktitle={CVPR},
  year={2009}
}
@inproceedings{He2015DelvingDI,
  title={Delving Deep into Rectifiers: Surpassing Human-Level Performance on ImageNet Classification},
  author={Kaiming He and Xiangyu Zhang and Shaoqing Ren and Jian Sun},
  booktitle={ICCV},
  year={2015}
}
@article{Silver2017MasteringTG,
  title={Mastering the game of Go without human knowledge},
  author={David Silver and Julian Schrittwieser and Karen Simonyan and Ioannis Antonoglou and Aja Huang and Arthur Guez and Thomas Hubert and L Robert Baker and Matthew Lai and Adrian Bolton and Yutian Chen and Timothy P. Lillicrap and Fan Hui and Laurent Sifre and George van den Driessche and Thore Graepel and Demis Hassabis},
  journal={Nature},
  year={2017},
  volume={550},
  pages={354-359}
}
@inproceedings{Odena2017ConditionalIS,
  title={Conditional Image Synthesis With Auxiliary Classifier GANs},
  author={Augustus Odena and Christopher Olah and Jonathon Shlens},
  booktitle={ICML},
  year={2017}
}
@article{Miyato2018cGANsWP,
  title={cGANs with Projection Discriminator},
  author={Takeru Miyato and Masanori Koyama},
  journal={CoRR},
  year={2018},
  volume={abs/1802.05637}
}
@article{Zhang2018SelfAttentionGA,
  title={Self-Attention Generative Adversarial Networks},
  author={Han Zhang and Ian J. Goodfellow and Dimitris N. Metaxas and Augustus Odena},
  journal={CoRR},
  year={2018},
  volume={abs/1805.08318}
}
@article{Brock2018LargeSG,
  title={Large Scale GAN Training for High Fidelity Natural Image Synthesis},
  author={Andrew Brock and Jeff Donahue and Karen Simonyan},
  journal={CoRR},
  year={2018},
  volume={abs/1809.11096}
}
@inproceedings{Karras2017ProgressiveGO,
  title={Progressive Growing of GANs for Improved Quality, Stability, and Variation},
  author={Tero Karras and Timo Aila and Samuli Laine and Jaakko Lehtinen},
  booktitle={ICLR},
  year={2018}
}
@article{Arjovsky2017WassersteinG,
  title={Wasserstein GAN},
  author={Mart{\'i}n Arjovsky and Soumith Chintala and L{\'e}on Bottou},
  journal={CoRR},
  year={2017},
  volume={abs/1701.07875}
}
@inproceedings{Gulrajani2017ImprovedTO,
  title={Improved Training of Wasserstein GANs},
  author={Ishaan Gulrajani and Faruk Ahmed and Mart{\'i}n Arjovsky and Vincent Dumoulin and Aaron C. Courville},
  booktitle={NIPS},
  year={2017}
}
@inproceedings{Heusel2017GANsTB,
  title={GANs Trained by a Two Time-Scale Update Rule Converge to a Local Nash Equilibrium},
  author={Martin Heusel and Hubert Ramsauer and Thomas Unterthiner and Bernhard Nessler and Sepp Hochreiter},
  booktitle={NIPS},
  year={2017}
}
@article{Kingma2018GlowGF,
  title={Glow: Generative Flow with Invertible 1x1 Convolutions},
  author={Diederik P. Kingma and Prafulla Dhariwal},
  journal={CoRR},
  year={2018},
  volume={abs/1807.03039}
}
@inproceedings{Dinh2014NICENI,
  title={NICE: Non-linear Independent Components Estimation},
  author={Laurent Dinh and David Krueger and Yoshua Bengio},
  booktitle={ICLR},
  year={2015}
}
@inproceedings{Dinh2016DensityEU,
  title={Density estimation using Real NVP},
  author={Laurent Dinh and Jascha Sohl-Dickstein and Samy Bengio},
  booktitle={ICLR},
  year={2017}
}
@inproceedings{Rezende2015VariationalIW,
  title={Variational Inference with Normalizing Flows},
  author={Danilo Jimenez Rezende and Shakir Mohamed},
  booktitle={ICML},
  year={2015}
}
@article{Prenger2018WaveGlowAF,
  title={WaveGlow: A Flow-based Generative Network for Speech Synthesis},
  author={Ryan Prenger and Rafael Valle and Bryan Catanzaro},
  journal={CoRR},
  year={2018},
  volume={abs/1811.00002}
}
@inproceedings{Salimans2016ImprovedTF,
  title={Improved Techniques for Training GANs},
  author={Tim Salimans and Ian J. Goodfellow and Wojciech Zaremba and Vicki Cheung and Alec Radford and Xi Chen},
  booktitle={NIPS},
  year={2016}
}
@inproceedings{Wang2017NonlocalNN,
  title={Non-local Neural Networks},
  author={Xiaolong Wang and Ross B. Girshick and Abhinav Gupta and Kaiming He},
  booktitle={CVPR},
  year={2018}
}
@article{Heljakka2018PioneerNP,
  title={Pioneer Networks: Progressively Growing Generative Autoencoder},
  author={Ari Heljakka and Arno Solin and Juho Kannala},
  journal={CoRR},
  year={2018},
  volume={abs/1807.03026}
}
@article{Li2018ImplicitML,
  title={Implicit Maximum Likelihood Estimation},
  author={Ke Li and Jitendra Malik},
  journal={CoRR},
  year={2018},
  volume={abs/1809.09087}
}
@article{Karras2018AStyleBasedGA,
  title={A Style-Based Generator Architecture for Generative Adversarial Networks},
  author={Tero Karras and Samuli Laine and Timo Aila},
  journal={CoRR},
  year={2018},
  volume={abs/1812.04948}
}
